%% Bibliografías del documento
%% Autores: 
%  	Landa Aguirre Rafael
%% Fecha: 25 - feb - 2018
%%

% Example
%@online{elmer_sperry,
%		author = {author},
%		year = {0000},	
%		title = {"title"},
%		note = {City:},
%		organization = {Organization},
%		type = {En línea},
%		url = {url},
%		urldate = {2018-01-11}, %% addendum = "[Revisado o Accedido: DD-MM-YYYY]"
%}

%%======================== DRONES ==============================================
%% (1)
@online{vehiculos_aereos_lat,
	author = {G. Sánchez Jiménez and M. Mulero Valenzuela and E. Saumeth Cadavid},
	title = {"Vehículos aéreos no tripulados en Latinoamérica"},
	%editor = {Alfredo Florensa de Medina IDS},
	url = {http://www.infodefensa.com/wp-content/uploads/Vehiculos_aereos_no_tripulados_en_Latam.pdf},
	note = {Madrid, España:},
	organization = {Alfredo Florensa de Medina IDS},
	year = {2013},
	addendum = "[Revisado: 16-01-2018]",
	type = {ebook},
}
%% (2)
@online{origen_drones,
	author = {C. Cuerno Rejado},
	title = {$"$Origen y desarrollo de los drones"},
	url = {http://drones.uv.es/origen-y-desarrollo-de-los-drones/},
	note = {España:},
	organization = {Aplicaciones y Operación con Drones-RPAS},
	year = {2015},
	addendum = "[Accedido: 16-01-2018]",
	type = {En línea},
}
%% (3)
@online{elmer_sperry,
	year = {2018},	
	title = {$"$Elmer Ambrose Sperry - American inventor"},
	note = {Mexico:},
	organization = {Alfredo Florensa de Medina IDS},
	type = {En línea},
	url = {https://www.britannica.com/biography/Elmer-Ambrose-Sperry},
	addendum = "[Accedido: 16-01-2018]"
}
%% (4)
@online{vehiculos_aereos_no_trip_apps,
	author = {I. García García},
	year = {2017},	
	title = {$"$ESTUDIO SOBRE VEHÍCULOS AÉREOS NO TRIPULADOS Y SUS APLICACIONES"},
	note = {Valladolid, España:},
	organization = {Universidad de Valladolid},
	type = {En línea},
	url = {https://uvadoc.uva.es/bitstream/10324/23021/1/TFG-P-528.pdf},
	addendum = "[Revisado: 10-01-2018]"
}
%% (5)
@online{app_veh_no_tripulados_hidr,
	author = {W. Ojeda Bustamante and A. González Sánchez and A. Mauricio Pérez and J. Flores Velázquez},
	year = {2017},	
	title = {$"$Aplicaciones de los vehículos aéreos no tripulados en la ingeniería hidroagrícola"},
	note = {Morelos, México:},
	organization = {Instituto de Tecnología y ciencias del agua},
	type = {En línea},
	url = {https://imta.gob.mx/tyca/descargas/art-2017-04-10.pdf},
	addendum = "[Revisado: 16-01-2018]"
}
%% (6)
@online{morelos_cinco_for_security,
	year = {2017},	
	title = {"Morelos opera con cinco drones para seguridad"},
	note = {Ciudad de México, México:},
	organization = {Excélsior},
	type = {En línea},
	url = {http://www.excelsior.com.mx/nacional/2014/03/27/950953},
	addendum = "[Accedido: 08-01-2018]"
}
%% (7)
@online{drones_empresas_sec_vigi,
	author = {V. B. Téllez},
	year = {2017},	
	title = {"Los drones aterrizan en las empresas de seguridad y vigilancia"},
	note = {España:},
	organization = {abc.es},
	type = {En línea},
	url = {http://www.abc.es/tecnologia/20140224/abci-drones-aterrizan-empresas-seguridad-201402251239.html},
	addendum = "[Accedido: 08-01-2018]"
}
%% (8)
@online{african_drones_johanesburg_cong,
	year = {2017},	
	title = {"South African Drones Aim To Ease Johannesburg's Congested Traffic"},
	note = {Sudáfrica:},
	organization = {International Business Times},
	type = {En línea},
	url = {http://www.ibtimes.com/south-african-drones-aim-ease-johannesburgs-congested-traffic-1565485},
	addendum = "[Accedido: 09-01-2018]"
}
%% (9) 
@online{drones_for_agricultura,
	author = {elika},
	year = {2017},	
	title = {"Drones y su uso en agricultura"},
	organization = {International Business Times},
	type = {En línea},
	url = {http://www.elika.eus/datos/articulos/Archivo1388/Berezi$\%$2035$\%$20drones$\%$20y$\%$20sus$\%$20usos$\%$20en$\%$20agricultura.pdf},
	addendum = "[Revisado: 09-01-2018]"
}
%% (10)
@online{amazon_prime_air,
	year = {2017},	
	title = {$"$Amazon Prime Air"},
	organization = {Amazon.com},
	type = {En línea},
	url = {https://www.amazon.com/Amazon-Prime-Air/b?node=8037720011},
	urldate = {2018-01-10}
}
%% (11)
@online{func_amazon_prime_air,
	author = {J. M. Sánchez},
	year = {2017},	
	title = {$"$Así funciona Amazon Prime Air, el servicio de drones repartidores"},
	note = {España:},
	organization = {abc.es},
	type = {En línea},
	url = {
http://www.abc.es/tecnologia/informatica/hardware/abci-funciona-amazon-prime-servicio-drones-repartidores-201511301146_noticia.html},
	addendum = "[Accedido: 11-01-2018]"
}
%% (12) 
%@online{drones_app_comunicacion,
%	author = {V. Mesa Chinea and L. Izquierdo Abreu},
%	year = {2018},	
%	title = {"Los Drones: Su aplicación en el mundo de la comunicación"},
%	editor = {1st},
%	note = {San Cristóbal de La Laguna:},
%	organization = {Universidad de La Laguna},
%	type = {ebook},
%	url = {https://riull.ull.es/xmlui/bitstream/handle/915/1020/Los$\%$20Drones.$\%$20Su$\%$20Aplicacion$\%$20en$\%$20el$\%$20mundo$\%$20de$\%$20la$\%$20comunicacion.$\%$20.pdf?sequence=1},
%	addendum = "[Revisado: 11-01-2018]"
%}
%% (12)
@online{drone_nombre_cosa,
	author = {P. Vilanova},
	year = {2014},	
	title = {"DRONES: EL NOMBRE Y LA COSA"},
	editor = {1st},
	note = {Barcelona, España:},
	organization = {Centro de Estudios y Documentación Internacionales de Barcelona},
	type = {En línea},
	url = {https://www.files.ethz.ch/isn/184273/265_OPINIO_SEGURIDAD_CAST.pdf},
	addendum = "[Revisado: 11-01-2018]"
}
%% (13)
@online{fisica_quadcoptero, 
	title = {"Física de un quadcóptero"},
	note = {Cataluña, España:},
	organization = {Escoles Vedruna de Catalunya},
	author = {E. Mancioc},
	year = {2017},
	type = {En línea},
	url = {http://www.vedrunacatalunya.cat/recerques/treballs/2017/tarrega/TR_estefania_mancioc.pdf},
	addendum = "[Revisado: 15-01-2018]"
}
%% (14)
@online{x_drone_clasificacion, 
	title = {"Tipos de drones - Conoce todos los tipos de drones que existen"},
	note = {España:},
	organization = {xdrone.es},
	author = {E. Santana},
	year = {2016},
	type = {En línea},
	url = {http://www.xdrones.es/tipos-de-drones-clasificacion-de-drones-categorias-de-drones/},
	addendum = "[Accedido: 15-01-2018]"
}
%% (15)
@online{drone_industry_insights, 
	title = {"Drone Industry Insights - Drone Market Studies \& Reports, Drone Industry Insights"},
	organization = {droneii.com},
	year = {2018},
	type = {En línea},
	url = {https://www.droneii.com/top20-drone-service-provider-ranking},
	addendum = "[Accedido: 18-01-2018]"
}
%% (16)
@online{companias_dominantes_drones, 
	title = {"Las 20 compañías que dominan el mercado de los drones"},
	note = {España:},
	organization = {TICbeat},
	author = {Alberto Iglesias Fraga},
	year = {2017},
	type = {En línea},
	url = {http://www.ticbeat.com/tecnologias/las-20-companias-que-dominan-el-mercado-de-los-drones/},
	addendum = "[Accedido: 18-01-2018]"
}
%
%%======================== Microcontroladores ==================================
%% (17)
@online{comparativa_micros, 
	title = {"COMPARATIVA DE MICROCONTROLADORES ACTUALES"},
	note = {España:},
	organization = {Universidad Politécnica de Valladolid},
	year = {2002},
	type = {En línea},
	url = {http://server-die.alc.upv.es/asignaturas/lsed/2002-03/Micros/downloads/trabajo.pdf},
	addendum = "[Revisado: 19-01-2018]"
}
%% (18)
@online{arqui_org_micros, 
	title = {$"$Arquitectura y Organización de un microcontrolador genérico"},
	author = {M. Tosini and J. Marone and E. Goñi},
	editor = {1st},
	year = {2012},
	type = {En línea},
	url = {http://www.exa.unicen.edu.ar/catedras/tmicrocon/Material/1_introduccion_a_los_ucontroladores.pdf},
	addendum = "[Revisado: 20-01-2018]"
}
%% (19)
@online{info_microcontroladores, 
	title = {$"$INFORME MICROCONTROLADORES"},
	note = {Santiago, Chile:},
	organization = {Universidad de Chile, Facultad de Ciencias Físicas y Matemáticas},
	editor = {1st},
	year = {2011},
	author = {B. Garrido Arévalo and J. Yarmuch Muñoz},
	type = {En línea},
	url = {https://www.u-cursos.cl/usuario/834c0e46b93fd72fd8408c492af56f8d/mi_blog/r/Infor_Microcontrolador.pdf},
	addendum = "[Revisado: 20-01-2018]"
}

%%=============================== Sensores =====================================
%% (20)
@online{sensores:proximidad:capacitivos:sick, 
	title = {"Sensores de proximidad capacitivos | SICK"},
	note = {España:},
	organization = {Sick.com},
	year = {2018},
	type = {En línea},
	url = {https://www.sick.com/es/es/sensores-de-proximidad/sensores-de-proximidad-capacitivos/c/g201659},
	addendum = "[Revisado: 22-02-2018]"
}
%% (21)
@online{sensores:proximidad:inductivos:fundamentos, 
	title = {" ¿Qué es un sensor de proximidad inductivo? | Fundamentos del sensor: Guía de sensores para fábricas clasificados por principios | KEYENCE"},
	note = {México:},
	organization = {Keyence.com.mx},
	year = {2018},
	type = {En línea},
	url = {https://www.keyence.com.mx/ss/products/sensor/sensorbasics/proximity/info/},
	addendum = "[Revisado: 25-02-2018]"
}
%% (22)
@online{sensores:proximidad:IP:tecnorium, 
	title = {"Resistencia al agua y grados de protección IP67, IP68. ¿Cuánto protege cada uno?"},
	organization = {Tecnorium},
	year = {2018},
	type = {En línea},
	url = {https://tecnorium.com/resistencia-al-agua-y-grados-de-proteccion},
	addendum = "[Revisado: 25-02-2018]"
}
%% (23)
@online{sensores:proximidad:clasificacion:principios, 
	title = {"Fundamentos del sensor: Guía de sensores para fábricas clasificados por principios"},
	note = {México:},
	organization = {Keyence.com.mx},
	year = {2018},
	type = {En línea},
	url = {https://www.keyence.com.mx/ss/products/sensor/sensorbasics/laser_location/feature/},
	addendum = "[Revisado: 12-03-2018]"
}
%% (24)
@online{sensores:proximidad:ultrasonicos:aplicaciones, 
	title = {"Sensores ultrasónicos | 11 ejemplos de aplicación"},
	organization = {Pepperl-fuchs.com},
	year = {2018},
	type = {En línea},
	url = {https://www.pepperl-fuchs.com/global/es/24854.htm},
	addendum = "[Revisado: 12-03-2018]"
}
%% (25)
@online{sensores:proximidad:ultrasonicos:significado, 
	title = {"¿Qué es un sensor ultrasónico? | Fundamentos del sensor: Guía de sensores para fábricas clasificados por principios | KEYENCE"},
	note = {México:},
	organization = {Keyence.com.mx},
	year = {2018},
	type = {En línea},
	url = {https://www.keyence.com.mx/ss/products/sensor/sensorbasics/ultrasonic/info/},
	addendum = "[Revisado: 12-03-2018]"
}
%% (26)
@online{sensores:proximidad:piroelectrico:deteccion:movimiento, 
	title = {"SENSORES : Sensor piro eléctrico infrarrojo para la detección de movimiento"},
	organization = {Didacticaselectronicas.com},
	year = {2018},
	type = {En línea},
	url = {http://www.didacticaselectronicas.com/index.php/sensores/sensor-piro-electrico-infrarrojos-para-la-deteccion-de-movimiento-infrarojos-detail},
	addendum = "[Revisado: 12-03-2018]"
}
%%=============================== GSM ==========================================
%% (27)
@online{gsm:transmision:servicios:web, 
	author = {Francisco Prieto Donate},
	title = {"Transmición de imágenes de video mediante servicios WEB XML sobre J2ME"},
	editor = {1st},
	note = {USA:},
	year = {2007},
	type = {En línea},
	url = {http://bibing.us.es/proyectos/abreproy/11372/fichero/Memoria$\%$252F03+-+GPRS.pdf},
	addendum = "[Revisado: 13-03-2018]"
}
%% (28)
@online{gsm:capitulo:uap,
	title = {"Capítulo 3 - GSM"},
	editor = {1st},
	note = {pp. 66-69, Puebla, México:},
	organization = {Universidad de las Américas de Puebla},
	year = {2018},
	type = {En línea},
	url = {http://catarina.udlap.mx/u_dl_a/tales/documentos/lem/hernandez_c_a/capitulo3.pdf},
	addendum = "[Revisado: 13-03-2018]"
}
%% (29)
@online{gsm:sim800l:hardware,
	title = {"SIM 800L Hardware Design v1.0."},
	note = {pp. 11-13, China:},
	organization = {SIMcompany},
	year = {2013},
	type = {En línea},
	url = {http://img.filipeflop.com/files/download/Datasheet_SIM800L.pdf},
	addendum = "[Revisado: 13-03-2018]"
}

%%======================== Herramientas ========================================
%% (30)
@online{node_js_tutorial, 
	title = {"Node.js Tutorial"},
	organization = {www.tutorialspoint.com},
	year = {2018},
	type = {En línea},
	url = {https://www.tutorialspoint.com/nodejs/index.htm},
	addendum = "[Accedido: 21-01-2018]"
}
%% (31)
@online{npm_program, 
	title = {"npm"},
	organization = {Npmjs.com},
	year = {2016},
	type = {En línea},
	url = {https://www.npmjs.com/browse/keyword/drone},
	addendum = "[Accedido: 22-01-2018]"
}
%% (32)
@online{sdk_program_drone, 
	title = {$"$ARDroneSDK3 API Reference"},
	note = {Francia:},
	organization = {Developer.parrot.com},
	year = {2011},
	type = {En línea},
	url = {http://developer.parrot.com/docs/SDK3/?java#general-information},
	addendum = "[Accedido: 24-01-2018]"
}
%% (33)
@online{ardupilot_dev, 
	title = {"Welcome to the ArduPilot Development Site — Software"},
	note = {USA:},
	organization = {Ardupilot.org},
	year = {2016},
	type = {En línea},
	url = {http://ardupilot.org/about\#},
	addendum = "[Accedido: 25-01-2018]"
}
%% (34)
@online{mavlink, 
	title = {"MAVLink Micro Air Vehicle Communication Protocol - QGroundControl GCS"},
	organization = {Qgroundcontrol.org},
	year = {2018},
	type = {En línea},
	url = {http://qgroundcontrol.org/mavlink/start},
	addendum = "[Accedido: 12-05-2018]"
}
%% (35)
@thesis{the:algoritmos_evadir_obstaculos,	
	author = {Carlos Cobos Bandera},
	title = {"Simulación y Comparación de Algoritmos de Evitación de Obstáculos para Múltiples Robots"},
	type = {Licenciatura},
	institution = {Universidad de Sevilla},
	date = {2015},
	location = {Sevilla},
	url = {http://bibing.us.es/proyectos/abreproy/90510/fichero/TFG_CCB.pdf},
	addendum = "[Revisado: 16-05-2018]",
	language = {spanish},
	chapter = {2.2},
	pages = {8-12},
	pagetotal = {27},
}


%%======================== apps-WEB ============================================
%% ------------------------ Definicion y arquitectura --------------------------
%% (36)
@thesis{the:USB:puntos_venta,
	author = {Javier Enrique Vargas Díaz},
	title = {Diseño e implementación de una aplicación web de control de inventario y rastreo de puntos de venta},
	type = {Licenciatura},
	institution = {Universidad Simón Bolivar},
	date = {2012-07},
	location = {Sartenejas},
	url = {http://159.90.80.55/tesis/000156399.pdf},
	addendum = "[Revisado: 26-02-2018]",
	language = {spanish},
	month = {07},
	chapter = {3.4},
	pages = {17-18},
	pagetotal = {64},
}
%% (37)
@thesis{the:UDC:webapp_distributivo,
	author = {Eduardo Guillermo Aguilar Riera and David Alfredo Dávila Garzón},
	title = {Análisis, diseño e implementación de la aplicación web para el manejo del distributivo de la facultad de ingeniería},
	type = {Licenciatura},
	institution = {Universidad de Cuenca},
	date = {2013},
	location = {Cuenca, Ecuador},
	url = {http://dspace.ucuenca.edu.ec/bitstream/123456789/4303/1/tesis.pdf},
	addendum = "[Revisado: 26-01-2018]",
	language = {spanish},
	chapter = {2.3},
	pages = {20-22},
	pagetotal = {181},
}
%% (38)
@online{webapp:def:arqui:web, 
	author = {Daniel López Azaña}, 
	title = {" ¿Qué es la arquitectura web?"},
	note = {España:},
	organization = {Instituto Tecnologico de Matehuala},
	year = {2014},
	type = {En línea},
	url = {http://www.daniloaz.com/es/que-es-la-arquitectura-web/},
	addendum = "[Accedido: 26-02-2018]"
}
%% (39)
@online{webapp:five:javascript:frameworks, 
	author = {E. Korotya}, 
	title = {"5 Best JavaScript Frameworks in 2017"},
	note = {España:},
	organization = {Instituto Tecnologico de Matehuala},
	year = {2017},
	type = {En línea},
	url = {https://hackernoon.com/5-best-javascript-frameworks-$\%$in-2017-7a63b3870282},
	addendum = "[Accedido: 26-02-2018]"
}
%% (40)
@online{webapp_react, 
	title = {"React"},
	organization = {Facebook Inc.},
	year = {2018},
	type = {En línea},
	url = {https://reactjs.org},
	addendum = "[Accedido: 26-02-2018]"
}
%% (41)
@online{lenguaje_java, 
	title = {$"$El lenguaje de Programación Java"},
	editor = {1st},
	note = {pp. 11-16, Ciudad de México:},
	organization = {UNAM},
	year = {2013},
	type = {En línea},
	url = {http://mmc.geofisica.unam.mx/acl/Herramientas/Java/JavaBasico/El$\%$20lenguaje$\%$20de$\%$20programacion$\%$20java.pdf},
	addendum = "[Revisado: 27-01-2018]"
}
%% ------------------- Bases de datos relacionales -----------------------------
%% (42) 
@online{db:masters:oficiales:doc, 
	author = {R. C. Paré and L. C. Santillán and O. P. Mora, C. M. Escofetand M. G. Ginestá y D. C. Costa}, 
	title = {"Bases de datos"},
	editor = {1st},
	note = {Barcelona, España:},
	organization = {Eureca Media},
	year = {2015},
	type = {En línea},
	url = {http://www.uoc.edu/masters/oficiales/img/913.pdf},
	addendum = "[Revisado: 29-01-2018]"
}
%% (43)
@online{bases_relacionales_prin_dis, 
	title = {"Bases de Datos Relacionales Principios de Diseño y Normalización"},
	note = {Argentina},
	author = {G. Asato},
	year = {2011},
	type = {En línea},
	url = {http://www.pirna.com.ar/files/pirna/GPIP-103-bdr_gis.pdf},
	addendum = "[Revisado: 30-01-2018]"
}
%% (44)
@online{db:ibm:center, 
	title = {"IBM Knowledge Center"},
	note = {USA:},
	organization = {IBM},
	year = {2018},
	type = {En línea},
	url = {https://www.ibm.com/support/knowledgecenter/es/SSEPGG_8.2.0/com.ibm.db2.udb.doc/admin/c0004099.htm},
	addendum = "[Revisado: 12-03-2018]"
}
%% (45)
@online{db:gestores:tics, 
	author = {J. Iruela},
	title = {"Los gestores de bases de datos más usados"},
	organization = {Canal Informática y TICS},
	year = {2018},
	type = {En línea},
	url = {https://revistadigital.inesem.es/informatica-y-tics/los-gestores-de-bases-de-datos-mas-usados/},
	addendum = "[Revisado: 03-03-2018]"
}
%% (46)
@online{db:ciencias:computacion, 
	author = {P. Corcuera},
	note = {Cantabria, España:},
	title = {"Bases de Datos"},
	organization = {Dpto. Matemática Aplicada y Ciencias de la Computación, Universidad de Cantabria},
	year = {2016},
	type = {En línea},
	url = {http://personales.unican.es/corcuerp/BD/Slides/BD_intro.pdf},
	addendum = "[Revisado: 06-03-2018]"
}
%% (47)
@online{inv_storage_data, 
	title = {$"$Investigating storage solutions for large data"},
	note = {Goteborg, Sweden:},
	organization = {Chalmers University Of Technology},
	author = {A. LITH and J. MATTSSON},
	year = {2010},
	type = {En línea},
	url = {http://publications.lib.chalmers.se/records/fulltext/123839.pdf},
	addendum = "[Revisado: 03-02-2018]"
}
%% (48)
@online{bd_nosql_tipos, 
	title = {"Bases de datos NoSQL. Qué son y tipos que nos podemos encontrar"},
	note = {Madrid, España:},
	organization = {acenswhitepapers},
	author = {A. Carrero},
	year = {2014},
	type = {En línea},
	url = {https://www.acens.com/wp-content/images/2014/02/bbdd-nosql-wp-acens.pdf},
	addendum = "[Revisado: 04-02-2018]"
}

%% (49)
@book{ingSoftware:Sommerville,
	author = {Sommerville},
	booktitle = {Ingeniería de software},
	chapter = {Proceso de desarrollo de software},
	year = 2005,
	editor = {Pearson Education},
	institution = {U. P. d. Valencia},
	title = {Ingeniería de software},
	volume = 7,
	pages = {71}
}

%% (50)
@online{ardupilot:page:building:bebop2, 
	title = {"Building for Bebop 2"},
	organization = {Ardupilot},
	year = {2017},
	type = {En línea},
	url = {http://ardupilot.org/dev/docs/building-for-bebop-2.html},
	addendum = "[Revisado: 25-01-2018]"
}
